%% Created using Papers on Mon, 09 Oct 2017.
%% http://papersapp.com/papers/

@article{Hobolth:2007gza,
author = {Hobolth, Asger and Christensen, Ole F and Mailund, Thomas and Schierup, Mikkel H},
title = {{Genomic relationships and speciation times of human, chimpanzee, and gorilla inferred from a coalescent hidden Markov model.}},
journal = {PLoS genetics},
year = {2007},
volume = {3},
number = {2},
pages = {e7},
month = feb
}

@article{Dutheil:2009dta,
author = {Dutheil, Julien Y and Ganapathy, Ganesh and Hobolth, Asger and Mailund, Thomas and Uyenoyama, Marcy K and Schierup, Mikkel H},
title = {{Ancestral population genomics: the coalescent hidden Markov model approach.}},
journal = {Genetics},
year = {2009},
volume = {183},
number = {1},
pages = {259--274},
month = sep
}

@article{Mailund:2011dva,
author = {Mailund, Thomas and Dutheil, Julien Y and Hobolth, Asger and Lunter, Gerton and Schierup, Mikkel H},
title = {{Estimating divergence time and ancestral effective population size of Bornean and Sumatran orangutan subspecies using a coalescent hidden Markov model.}},
journal = {PLoS genetics},
year = {2011},
volume = {7},
number = {3},
pages = {e1001319},
month = mar
}

@article{Hobolth:2011dia,
author = {Hobolth, Asger and Dutheil, Julien Y and Hawks, John and Schierup, Mikkel H and Mailund, Thomas},
title = {{Incomplete lineage sorting patterns among human, chimpanzee, and orangutan suggest recent orangutan speciation and widespread selection.}},
journal = {Genome research},
year = {2011},
volume = {21},
number = {3},
pages = {349--356},
month = mar
}

@article{Mailund:2012ewa,
author = {Mailund, Thomas and Halager, Anders E and Westergaard, Michael and Dutheil, Julien Y and Munch, Kasper and Andersen, Lars N and Lunter, Gerton and Pr{\"u}fer, Kay and Scally, Aylwyn and Hobolth, Asger and Schierup, Mikkel H},
title = {{A new isolation with migration model along complete genomes infers very different divergence processes among closely related great ape species.}},
journal = {PLoS genetics},
year = {2012},
volume = {8},
number = {12},
pages = {e1003125}
}

@article{Miller:2012cxa,
author = {Miller, Webb and Schuster, Stephan C and Welch, Andreanna J and Ratan, Aakrosh and Bedoya-Reina, Oscar C and Zhao, Fangqing and Kim, Hie Lim and Burhans, Richard C and Drautz, Daniela I and Wittekindt, Nicola E and Tomsho, Lynn P and Ibarra-Laclette, Enrique and Herrera-Estrella, Luis and Peacock, Elizabeth and Farley, Sean and Sage, George K and Rode, Karyn and Obbard, Martyn and Montiel, Rafael and Bachmann, Lutz and Ing{\'o}lfsson, Olafur and Aars, Jon and Mailund, Thomas and Wiig, Oystein and Talbot, Sandra L and Lindqvist, Charlotte},
title = {{Polar and brown bear genomes reveal ancient admixture and demographic footprints of past climate change.}},
journal = {Proceedings Of The National Academy Of Sciences Of The United States Of America},
year = {2012},
volume = {109},
number = {36},
pages = {E2382--90},
month = sep
}

@article{PradoMartinez:2013dna,
author = {Prado-Martinez, Javier and Sudmant, Peter H and Kidd, Jeffrey M and Li, Heng and Kelley, Joanna L and Lorente-Galdos, Belen and Veeramah, Krishna R and Woerner, August E and O'Connor, Timothy D and Santpere, Gabriel and Cagan, Alexander and Theunert, Christoph and Casals, Ferran and Laayouni, Hafid and Munch, Kasper and Hobolth, Asger and Halager, Anders E and Malig, Maika and Hernandez-Rodriguez, Jessica and Hernando-Herraez, Irene and Pr{\"u}fer, Kay and Pybus, Marc and Johnstone, Laurel and Lachmann, Michael and Alkan, Can and Twigg, Dorina and Petit, Natalia and Baker, Carl and Hormozdiari, Fereydoun and Fern{\'a}ndez-Callejo, Marcos and Dabad, Marc and Wilson, Michael L and Stevison, Laurie and Camprub{\'\i}, Cristina and Carvalho, Tiago and Ruiz-Herrera, Aurora and Vives, Laura and Mele, Marta and Abello, Teresa and Kondova, Ivanela and Bontrop, Ronald E and Pusey, Anne and Lankester, Felix and Kiyang, John A and Bergl, Richard A and Lonsdorf, Elizabeth and Myers, Simon and Ventura, Mario and Gagneux, Pascal and Comas, David and Siegismund, Hans and Blanc, Julie and Agueda-Calpena, Lidia and Gut, Marta and Fulton, Lucinda and Tishkoff, Sarah A and Mullikin, James C and Wilson, Richard K and Gut, Ivo G and Gonder, Mary Katherine and Ryder, Oliver A and Hahn, Beatrice H and Navarro, Arcadi and Akey, Joshua M and Bertranpetit, Jaume and Reich, David and Mailund, Thomas and Schierup, Mikkel H and Hvilsom, Christina and Andr{\'e}s, Aida M and Wall, Jeffrey D and Bustamante, Carlos D and Hammer, Michael F and Eichler, Evan E and Marqu{\`e}s-Bonet, Tom{\`a}s},
title = {{Great ape genetic diversity and population history.}},
journal = {Nature},
year = {2013},
volume = {499},
number = {7459},
pages = {471--475},
month = jul
}

@article{Sand:2013bia,
author = {Sand, Andreas and Kristiansen, Martin and Pedersen, Christian N S and Mailund, Thomas},
title = {{zipHMMlib: a highly optimised HMM library exploiting repetitions in the input to speed up the forward algorithm.}},
journal = {BMC Bioinformatics},
year = {2013},
volume = {14},
number = {1},
pages = {339},
month = nov
}

@article{Munch:2014cba,
author = {Munch, Kasper and Mailund, Thomas and Dutheil, Julien Y and Schierup, Mikkel Heide},
title = {{A fine-scale recombination map of the human-chimpanzee ancestor reveals faster change in humans than in chimpanzees and a strong impact of GC-biased gene conversion.}},
journal = {Genome research},
year = {2014},
volume = {24},
number = {3},
pages = {467--474},
month = mar
}

@article{Munch:2014cwa,
author = {Munch, Kasper and Schierup, Mikkel H and Mailund, Thomas},
title = {{Unraveling recombination rate evolution using ancestral recombination maps.}},
journal = {BioEssays : news and reviews in molecular, cellular and developmental biology},
year = {2014},
volume = {36},
number = {9},
pages = {892--900},
month = sep
}

@article{Cheng:2015ki,
author = {Cheng, Jade Yu and Mailund, Thomas},
title = {{Ancestral population genomics using coalescence hidden Markov models and heuristic optimisation algorithms.}},
journal = {Computational Biology and Chemistry},
year = {2015},
volume = {57},
pages = {80--92},
month = aug
}

@article{Dutheil:2015kl,
author = {Dutheil, Julien Y and Munch, Kasper and Nam, Kiwoong and Mailund, Thomas and Schierup, Mikkel H},
title = {{Strong Selective Sweeps on the X Chromosome in the Human-Chimpanzee Ancestor Explain Its Low Divergence.}},
journal = {PLoS genetics},
year = {2015},
volume = {11},
number = {8},
pages = {e1005451},
month = aug
}

@article{Munch:2016dn,
author = {Munch, Kasper and Nam, Kiwoong and Schierup, Mikkel Heide and Mailund, Thomas},
title = {{Selective Sweeps across Twenty Millions Years of Primate Evolution.}},
journal = {Molecular Biology and Evolution},
year = {2016},
volume = {33},
number = {12},
pages = {3065--3074},
month = dec
}


@article{Mailund:2014fyb,
author = {Mailund, Thomas and Munch, Kasper and Schierup, Mikkel Heide},
title = {{Lineage sorting in apes.}},
journal = {Annual review of genetics},
year = {2014},
volume = {48},
number = {1},
pages = {519--535}
}

@article{Abascal:2016cy,
author = {Abascal, Federico and Corvelo, Andr{\'e} and Cruz, Fernando and Villanueva-Ca{\~n}as, Jos{\'e} L and Vlasova, Anna and Marcet-Houben, Marina and Mart{\'\i}nez-Cruz, Bego{\~n}a and Cheng, Jade Yu and Prieto, Pablo and Quesada, V{\'\i}ctor and Quilez, Javier and Li, Gang and Garc{\'\i}a, Francisca and Rubio-Camarillo, Miriam and Frias, Leonor and Ribeca, Paolo and Capella-Guti{\'e}rrez, Salvador and Rodr{\'\i}guez, Jos{\'e} M and C{\^a}mara, Francisco and Lowy, Ernesto and Cozzuto, Luca and Erb, Ionas and Tress, Michael L and Rodriguez-Ales, Jose L and Ruiz-Orera, Jorge and Reverter, Ferran and Casas-Marce, Mireia and Soriano, Laura and Arango, Javier R and Derdak, Sophia and Gal{\'a}n, Beatriz and Blanc, Julie and Gut, Marta and Lorente-Galdos, Belen and Andr{\'e}s-Nieto, Marta and L{\'o}pez-Ot{\'\i}n, Carlos and Valencia, Alfonso and Gut, Ivo and Garc{\'\i}a, Jos{\'e} L and Guig{\'o}, Roderic and Murphy, William J and Ruiz-Herrera, Aurora and Marqu{\`e}s-Bonet, Tom{\`a}s and Roma, Guglielmo and Notredame, Cedric and Mailund, Thomas and Alb{\`a}, M Mar and Gabald{\'o}n, Toni and Alioto, Tyler and Godoy, Jos{\'e} A},
title = {{Extreme genomic erosion after recurrent demographic bottlenecks in the highly endangered Iberian lynx.}},
journal = {Genome Biology},
year = {2016},
volume = {17},
number = {1},
pages = {251},
month = dec
}

@article{Takahata:1995kl,
author = {Takahata, N and Satta, Y and Klein, J},
title = {{Divergence time and population size in the lineage leading to modern humans.}},
journal = {Theor Popul Biol},
year = {1995},
volume = {48},
number = {2},
pages = {198--221},
month = oct
}

@article{Innan:2006hc,
author = {Innan, Hideki and Watanabe, Hidemi},
title = {{The effect of gene flow on the coalescent time in the human-chimpanzee ancestral population.}},
journal = {Molecular Biology and Evolution},
year = {2006},
volume = {23},
number = {5},
pages = {1040--1047},
month = may
}

@article{Burgess:2008kf,
author = {Burgess, Ralph and Yang, Ziheng},
title = {{Estimation of hominoid ancestral population sizes under bayesian coalescent models incorporating mutation rate variation and sequencing errors.}},
journal = {Molecular Biology and Evolution},
year = {2008},
volume = {25},
number = {9},
pages = {1979--1994},
month = sep
}

@article{Rannala:2003vt,
author = {Rannala, Bruce and Yang, Ziheng},
title = {{Bayes estimation of species divergence times and ancestral population sizes using DNA sequences from multiple loci.}},
journal = {Genetics},
year = {2003},
volume = {164},
number = {4},
pages = {1645--1656},
month = aug
}

@article{Yang:2002wz,
author = {Yang, Ziheng},
title = {{Likelihood and Bayes estimation of ancestral population sizes in hominoids using data from multiple loci.}},
journal = {Genetics},
year = {2002},
volume = {162},
number = {4},
pages = {1811--1823},
month = dec
}

@article{Yang:2006eu,
author = {Yang, Ziheng and Rannala, Bruce},
title = {{Bayesian estimation of species divergence times under a molecular clock using multiple fossil calibrations with soft bounds.}},
journal = {Molecular Biology and Evolution},
year = {2006},
volume = {23},
number = {1},
pages = {212--226},
month = jan
}

@article{Yang:2010fm,
author = {Yang, Ziheng},
title = {{A likelihood ratio test of speciation with gene flow using genomic sequence data.}},
journal = {Genome Biology and Evolution},
year = {2010},
volume = {2},
number = {0},
pages = {200--211},
month = jul
}

@article{Becquet:2009hta,
author = {Becquet, C{\'e}line and Przeworski, Molly},
title = {{Learning about modes of speciation by computational approaches.}},
journal = {Evolution},
year = {2009},
volume = {63},
number = {10},
pages = {2547--2562},
month = oct
}

@article{Chen:2001dka,
author = {Chen, F C and Li, W H},
title = {{Genomic divergences between humans and other hominoids and the effective population size of the common ancestor of humans and chimpanzees.}},
journal = {The American Journal of Human Genetics},
year = {2001},
volume = {68},
number = {2},
pages = {444--456},
month = feb
}

@article{Wall:2003vb,
author = {Wall, Jeffrey D},
title = {{Estimating ancestral population sizes and divergence times.}},
journal = {Genetics},
year = {2003},
volume = {163},
number = {1},
pages = {395--404},
month = jan
}

@book{Hein:2004ta,
author = {Hein, Jotun and Schierup, Mikkel and Wiuf, Carsten},
title = {{Gene Genealogies, Variation and Evolution: A primer in coalescent theory}},
publisher = {Oxford University Press, USA},
year = {2004},
month = dec
}

@article{Wiuf:1999gua,
author = {Wiuf, C and Hein, J},
title = {{Recombination as a point process along sequences.}},
journal = {Theor Popul Biol},
year = {1999},
volume = {55},
number = {3},
pages = {248--259},
month = jun
}

@article{McVean:2005hoa,
author = {McVean, Gilean A T and Cardin, Niall J},
title = {{Approximating the coalescent with recombination.}},
journal = {Philosophical transactions of the Royal Society of London. Series B, Biological sciences},
year = {2005},
volume = {360},
number = {1459},
pages = {1387--1393},
month = jul
}

@article{Chen:2009fga,
author = {Chen, Gary K and Marjoram, Paul and Wall, Jeffrey D},
title = {{Fast and flexible simulation of DNA sequence data.}},
journal = {Genome research},
year = {2009},
volume = {19},
number = {1},
pages = {136--142},
month = jan
}

@article{Marjoram:2006hpa,
author = {Marjoram, Paul and Wall, Jeff D},
title = {{Fast "coalescent" simulation.}},
journal = {BMC genetics},
year = {2006},
volume = {7},
number = {1},
pages = {16},
month = mar
}

@article{Li:2011eza,
author = {Li, Heng and Durbin, Richard},
title = {{Inference of human population history from individual whole-genome sequences.}},
journal = {Nature},
year = {2011},
volume = {475},
number = {7357},
pages = {493--496},
month = jul
}

@article{Paul:2011gva,
author = {Paul, Joshua S. and Steinr{\"u}cken, Matthias and Song, Yun S},
title = {{An accurate sequentially Markov conditional sampling distribution for the coalescent with recombination.}},
journal = {Genetics},
year = {2011},
volume = {187},
number = {4},
pages = {1115--1128},
month = apr
}

@article{Paul:2010iba,
author = {Paul, Joshua S. and Song, Yun S},
title = {{A principled approach to deriving approximate conditional sampling distributions in population genetics models with recombination.}},
journal = {Genetics},
year = {2010},
volume = {186},
number = {1},
pages = {321--338},
month = sep
}

@article{Rasmussen:2014cqa,
author = {Rasmussen, Matthew D and Hubisz, Melissa J and Gronau, Ilan and Siepel, Adam},
title = {{Genome-wide inference of ancestral recombination graphs.}},
journal = {PLoS genetics},
year = {2014},
volume = {10},
number = {5},
pages = {e1004342}
}

@article{Sheehan:2013iba,
author = {Sheehan, Sara and Harris, Kelley and Song, Yun S},
title = {{Estimating variable effective population sizes from multiple genomes: a sequentially markov conditional sampling distribution approach.}},
journal = {Genetics},
year = {2013},
volume = {194},
number = {3},
pages = {647--662},
month = jul
}

@article{Steinrucken:2013kba,
author = {Steinr{\"u}cken, Matthias and Paul, Joshua S. and Song, Yun S},
title = {{A sequentially Markov conditional sampling distribution for structured populations with migration and recombination.}},
journal = {Theor Popul Biol},
year = {2013},
volume = {87},
pages = {51--61},
month = aug
}

@article{Schiffels:2014cua,
author = {Schiffels, Stephan and Durbin, Richard},
title = {{Inferring human population size and separation history from multiple genome sequences.}},
journal = {Nature genetics},
year = {2014},
volume = {46},
number = {8},
pages = {919--925},
month = aug
}

%% Created using Papers on Mon, 09 Oct 2017.
%% http://papersapp.com/papers/

@article{Locke:2011gna,
author = {Locke, Devin P and Hillier, LaDeana W and Warren, Wesley C and Worley, Kim C and Nazareth, Lynne V and Muzny, Donna M and Yang, Shiaw-Pyng and Wang, Zhengyuan and Chinwalla, Asif T and Minx, Pat and Mitreva, Makedonka and Cook, Lisa and Delehaunty, Kim D and Fronick, Catrina and Schmidt, Heather and Fulton, Lucinda A and Fulton, Robert S and Nelson, Joanne O and Magrini, Vincent and Pohl, Craig and Graves, Tina A and Markovic, Chris and Cree, Andy and Dinh, Huyen H and Hume, Jennifer and Kovar, Christie L and Fowler, Gerald R and Lunter, Gerton and Meader, Stephen and Heger, Andreas and Ponting, Chris P and Marqu{\`e}s-Bonet, Tom{\`a}s and Alkan, Can and Chen, Lin and Cheng, Ze and Kidd, Jeffrey M and Eichler, Evan E and White, Simon and Searle, Stephen and Vilella, Albert J and Chen, Yuan and Flicek, Paul and Ma, Jian and Raney, Brian and Suh, Bernard and Burhans, Richard and Herrero, Javier and Haussler, David and Faria, Rui and Fernando, Olga and Darr{\'e}, Fleur and Farr{\'e}, Dom{\`e}nec and Gazave, Elodie and Oliva, Meritxell and Navarro, Arcadi and Roberto, Roberta and Capozzi, Oronzo and Archidiacono, Nicoletta and Della Valle, Giuliano and Purgato, Stefania and Rocchi, Mariano and Konkel, Miriam K and Walker, Jerilyn A and Ullmer, Brygg and Batzer, Mark A and Smit, Arian F A and Hubley, Robert and Casola, Claudio and Schrider, Daniel R and Hahn, Matthew W and Quesada, V{\'\i}ctor and Puente, Xose S and Ordo{\~n}ez, Gonzalo R and L{\'o}pez-Ot{\'\i}n, Carlos and Vinar, Tomas and Brejova, Brona and Ratan, Aakrosh and Harris, Robert S and Miller, Webb and Kosiol, Carolin and Lawson, Heather A and Taliwal, Vikas and Martins, Andr{\'e} L and Siepel, Adam and Roychoudhury, Arindam and Ma, Xin and Degenhardt, Jeremiah and Bustamante, Carlos D and Gutenkunst, Ryan N and Mailund, Thomas and Dutheil, Julien Y and Hobolth, Asger and Schierup, Mikkel H and Ryder, Oliver A and Yoshinaga, Yuko and de Jong, Pieter J and Weinstock, George M and Rogers, Jeffrey and Mardis, Elaine R and Gibbs, Richard A and Wilson, Richard K},
title = {{Comparative and demographic analysis of orang-utan genomes.}},
journal = {Nature},
year = {2011},
volume = {469},
number = {7331},
pages = {529--533},
month = jan
}

@article{Scally:2012ika,
author = {Scally, Aylwyn and Dutheil, Julien Y and Hillier, LaDeana W and Jordan, Gregory E and Goodhead, Ian and Herrero, Javier and Hobolth, Asger and Lappalainen, Tuuli and Mailund, Thomas and Marqu{\`e}s-Bonet, Tom{\`a}s and McCarthy, Shane and Montgomery, Stephen H and Schwalie, Petra C and Tang, Y Amy and Ward, Michelle C and Xue, Yali and Yngvadottir, Bryndis and Alkan, Can and Andersen, Lars N and Ayub, Qasim and Ball, Edward V and Beal, Kathryn and Bradley, Brenda J and Chen, Yuan and Clee, Chris M and Fitzgerald, Stephen and Graves, Tina A and Gu, Yong and Heath, Paul and Heger, Andreas and Karako{\c c}, Emre and Kolb-Kokocinski, Anja and Laird, Gavin K and Lunter, Gerton and Meader, Stephen and Mort, Matthew and Mullikin, James C and Munch, Kasper and O'Connor, Timothy D and Phillips, Andrew D and Prado-Martinez, Javier and Rogers, Anthony S and Sajjadian, Saba and Schmidt, Dominic and Shaw, Katy and Simpson, Jared T and Stenson, Peter D and Turner, Daniel J and Vigilant, Linda and Vilella, Albert J and Whitener, Weldon and Zhu, Baoli and Cooper, David N and de Jong, Pieter and Dermitzakis, Emmanouil T and Eichler, Evan E and Flicek, Paul and Goldman, Nick and Mundy, Nicholas I and Ning, Zemin and Odom, Duncan T and Ponting, Chris P and Quail, Michael A and Ryder, Oliver A and Searle, Stephen M and Warren, Wesley C and Wilson, Richard K and Schierup, Mikkel H and Rogers, Jane and Tyler-Smith, Chris and Durbin, Richard},
title = {{Insights into hominid evolution from the gorilla genome sequence.}},
journal = {Nature},
year = {2012},
volume = {483},
number = {7388},
pages = {169--175},
month = mar
}

@article{Prufer:2012ea,
author = {Pr{\"u}fer, Kay and Munch, Kasper and Hellmann, Ines and Akagi, Keiko and Miller, Jason R and Walenz, Brian and Koren, Sergey and Sutton, Granger and Kodira, Chinnappa and Winer, Roger and Knight, James R and Mullikin, James C and Meader, Stephen J and Ponting, Chris P and Lunter, Gerton and Higashino, Saneyuki and Hobolth, Asger and Dutheil, Julien and Karako{\c c}, Emre and Alkan, Can and Sajjadian, Saba and Catacchio, Claudia Rita and Ventura, Mario and Marqu{\`e}s-Bonet, Tom{\`a}s and Eichler, Evan E and Andr{\'e}, Claudine and Atencia, Rebeca and Mugisha, Lawrence and Junhold, J{\"o}rg and Patterson, Nick and Siebauer, Michael and Good, Jeffrey M and Fischer, Anne and Ptak, Susan E and Lachmann, Michael and Symer, David E and Mailund, Thomas and Schierup, Mikkel H and Andr{\'e}s, Aida M and Kelso, Janet and P{\"a}{\"a}bo, Svante},
title = {{The bonobo genome compared with the chimpanzee and human genomes.}},
journal = {Nature},
year = {2012},
volume = {486},
number = {7404},
pages = {527--531},
month = jun
}



@article{Jonsson:2014fga,
author = {J{\'o}nsson, H{\'a}kon and Schubert, Mikkel and Seguin-Orlando, Andaine and Ginolhac, Aur{\'e}lien and Petersen, Lillian and Fumagalli, Matteo and Albrechtsen, Anders and Petersen, Bent and Korneliussen, Thorfinn S and Vilstrup, Julia T and Lear, Teri and Myka, Jennifer Leigh and Lundquist, Judith and Miller, Donald C and Alfarhan, Ahmed H and Alquraishi, Saleh A and Al-Rasheid, Khaled A S and Stagegaard, Julia and Strauss, G{\"u}nter and Bertelsen, Mads Frost and Sicheritz-Ponten, Thomas and Antczak, Douglas F and Bailey, Ernest and Nielsen, Rasmus and Willerslev, Eske and Orlando, Ludovic},
title = {{Speciation with gene flow in equids despite extensive chromosomal plasticity.}},
journal = {PNAS},
year = {2014},
volume = {111},
number = {52},
pages = {18655--18660},
month = dec
}

@article{Andersen:2013iz,
	Author = {Andersen, Lars N and Mailund, Thomas and Hobolth, Asger},
	Journal = {Journal of Mathematical Biology},
	Month = apr,
	Pages = {--},
	Title = {{Efficient computation in the IM model.}},
	Year = {2013}}

@article{Moler2003,
	Author = {Moler, Cleve and Van Loan, Charles},
	Journal = {SIAM Review},
	Month = jan,
	Number = {1},
	Pages = {3--49},
	Title = {{Nineteen Dubious Ways to Compute the Exponential of a Matrix, Twenty-Five Years Later}},
	Volume = {45},
	Year = {2003}}

@article{Hobolth:2011hl,
	Author = {Hobolth, Asger and Andersen, Lars N and Mailund, Thomas},
	Journal = {Genetics},
	Month = apr,
	Number = {4},
	Pages = {1241--1243},
	Title = {{On computing the coalescence time density in an isolation-with-migration model with few samples.}},
	Volume = {187},
	Year = {2011}}

@article{Felsenstein_1981,
	Author = {Felsenstein, Joseph},
	Doi = {10.1007/BF01734359},
	Issn = {0022-2844},
	Journal = {Journal of Molecular Evolution},
	Title = {Evolutionary trees from DNA sequences: A maximum likelihood approach},
	Year = {1981}}
	

@article{Cheng:2015kia,
author = {Cheng, Jade Yu and Mailund, Thomas},
title = {{Ancestral population genomics using coalescence hidden Markov models and heuristic optimisation algorithms}},
journal = {Computational Biology and Chemistry},
year = {2015},
volume = {57},
pages = {80--92},
month = aug
}

@book{Jensen:2013jg,
author = {Jensen, Kurt},
title = {{Coloured Petri Nets}},
publisher = {Springer Science {\&} Business Media},
year = {2013},
series = {Basic Concepts, Analysis Methods and Practical Use},
address = {Berlin, Heidelberg},
month = apr
}


